@article{toyota,
    author = "Koopman P.",
    title = "A Case Study of Toyota Unintended Acceleration and Software Safety",
    year = "2014",
    journal = "Electrical And Computer Engineering",
}

@article{therac,
    author = "Leveson N.",
    title = "The Therac-25: 30 Years Later",
    year = "2017",
    journal = "IEEE Computer",
}


@article{xpConcurrent,
    author = "Cargill T.",
    title = "Extreme Programming Challenge Fourteen",
    year = "2009",
}

@article{formalSecure,
    author = "Fisher et al.",
    title = "The HACMS program: using formal methods to eliminate exploitable bugs",
    year = "2017",
    journal = "Philos Trans A Math Phys Eng Sci",
}

@article{formalAlg,
    author = "Newcombe C.",
    title = "Why Amazon Chose TLA+",
    year = "2014",
    journal = "International Conference on Abstract State Machines, Alloy, B, TLA, VDM, and Z",
    pages = "25–-39"
}

@misc{bpmn,
    title = "BPMN reference",
    howpublished = {\url{https://www.bpmn.org/}},
}

@misc{uml,
    title = "UML reference",
    howpublished = {\url{https://www.uml-diagrams.org/class-reference.html}},
}

@misc{bpel,
    title = "BPEL reference",
    howpublished = {\url{http://docs.openlinksw.com/virtuoso/bpel\_reference/}},
}

@misc{yawl,
    title = "YAWL reference",
    howpublished = {\url{https://yawlfoundation.github.io/assets/files/YAWLTechnicalManual4.pdf}},
}

@article{specBPEL,
    author = "Nakajima S.",
    title = "Model-checking behavioral specification of BPEL applications",
    journal = "Electronic Notes in Theoretical Computer Science",
    year = "2006",
    pages = "89--105" ,
}

@article{specBPMN,
    author = "Masalagiu et al.",
    title = "A rigorous methodology for specification and verification of business processes",
    journal = "Formal aspects of computing",
    year = "2009",
}

@article{specUML,
    author = "Anderson et al.",
    title = "Model checking for E-business control and assurance",
    journal = "IEEE Transactions on Systems Man and Cybernetics Part C (Applications and Reviews)",
    year = "2005",
    pages = "445-450"
}

@article{specYAWL,
    author = "Wynn et al.",
    title = "Business process verification - finally a reality!",
    journal = "Business Process Management Journal",
    year = "2009",
}

@article{specEDC,
    author = "Scheer A.",
    title = "Process Modeling using Event‐Driven Process Chains",
    year = "2005",
}



@article{turing,
    author = "Turing A.",
    title = "On computable numbers, with an application to the entscheidungsproblem",
    year = "1936",
}


@misc{tla,
    title = "TLA+ reference",
    howpublished = {\url{https://lamport.azurewebsites.net/tla/tla.html}},
}

@misc{alloy,
    title = "Alloy reference",
    howpublished = {\url{https://alloytools.org/}},
}

@misc{tlaElixir,
    title = "Elixir code generation from TLA+ specifications",
    howpublished = {\url{https://github.com/bugarela/tla-transmutation}},
}

@misc{treeSitter,
  title = "Tree-Sitter parser generator tool",
  howpublished = {\url{https://tree-sitter.github.io/tree-sitter/}}
}

@misc{nvim,
  title = "Neovim text editor",
  howpublished = {\url{https://neovim.io/}}
}

@misc{pcalGrammar,
  title = "PlusCal support in TLA+ tree-sitter grammar",
  howpublished = {\url{https://github.com/tlaplus-community/tree-sitter-tlaplus/issues/31}}
}

@misc{pcalEbnf,
  title = "P-syntax PlusCal reference",
  howpublished = {\url{https://lamport.azurewebsites.net/tla/p-manual.pdf}}
}

